@article{dickinson2015extension,
  title={On an extension of P{\'o}lya’s Positivstellensatz},
  author={Dickinson, Peter JC and Povh, Janez},
  journal={Journal of global optimization},
  volume={61},
  number={4},
  pages={615--625},
  year={2015},
  publisher={Springer}
}
@article{wang2020positivstellensatz,
  title={A Positivstellensatz for conditional SAGE signomials},
  author={Wang, Allen Houze and Jaini, Priyank and Yu, Yaoliang and Poupart, Pascal},
  journal={arXiv preprint arXiv:2003.03731},
  year={2020}
}
@article{putinar1999positive,
  title={Positive polynomials on semi-algebraic sets},
  author={Putinar, Mihai and Vasilescu, Florian-Horia},
  journal={Comptes Rendus de l'Acad{\'e}mie des Sciences-Series I-Mathematics},
  volume={328},
  number={7},
  pages={585--589},
  year={1999},
  publisher={Elsevier}
}
@book{kohlenbach2008applied,
  title={Applied proof theory: proof interpretations and their use in mathematics},
  author={Kohlenbach, Ulrich},
  year={2008},
  publisher={Springer Science \& Business Media}
}
@article{delzell1996kreisel,
  title={Kreisel’s unwinding of Artin’s proof},
  author={Delzell, Charles},
  journal={KREISEL’S MATHEMATICS 115},
  pages={115},
  year={1996}
}